@Article{ahn07:_multi,
  author =       {H. T. Ahn and M. Shashkov},
  title =        {Multi-material interface reconstruction on generalized polyhedral meshes},
  journal =      {J. Comput. Phys.},
  year =         2007,
  volume =    226,
  number =    1,
  pages =     {2096-2132}}

@Article{ahn09:_adapt,
  author =       {H. T. Ahn and M. Shashkov},
  title =        {Adaptive moment-of-fluid method},
  journal =      {J. Comput. Phys.},
  year =         2009,
  volume =    228,
  number =    8,
  pages =     {2792-2821}}

@Article{aulisa04:_surfac_marker_algor_coupl_area,
  author	= {E. Aulisa and S. Manservisi and R. Scardovelli},
  title		= {A Surface Marker Algorithm Coupled to an Area-preserving
		  Marker Redistribution Method for Three-Dimensional
		  Interface Tracking},
  journal =      {J. Comput. Phys.},
  year		= 2004,
  volume	= 197,
  pages		= {555-584}
}

@article{banks08,
  author = {J. W. Banks and T. Aslam and W. J. Rider},
  title = {On sub-linear convergence for linearly degenerate waves in capturing schemes},
  journal = {J. Comput. Phys.},
  year = 2008,
  volume = 227,
  number = 14,
  pages = {6985 - 7002},
}

@article{barles91,
  author = {G. Barles and P. E. Souganidis},
  title = {Convergence of approximation schemes for fully mon-linear second order eaquations},
  journal = {Asymp. Anal.},
  year = 1991,
  volume = 4,
  number = 3,
  pages = {271-283},
}


@Article{brochu09,
  author =       {T. Brochu and R. Bridson},
  title =        {Robust topological operations for dynamic explicit surfaces},
  journal =      {SIAM. Sci. Comput.},
  year =         2009,
  volume =    31,
  number=      4,
  pages =     {2472-2493}}


@Book{burris81:_cours_univer_algeb,
  author =    {S. Burris and H. P. Sankappanavar},
  title =        {A Course in Universal Algebra},
  publisher =    {Springer},
  year =         2012,
  edition =   {The Millennium},
  note =      {ISBN:978-0-9880552-0-9}}


@Book{butcher16:_numer_method_ordin_differ_equat,
  author =    {J. C. Butcher},
  title =        {Numerical Methods for Ordinary Differential Equations},
  publisher =    {John Wiley \& Sons, Ltd},
  year =         2016,
  edition =   {3rd},
  note =      {ISBN:9781119121503}}

@Article{chenadec13,
  author =       {Y. G. Chen and Y. Giga and S. Goto },
  title =        {Uniqueness and existence of viscosity solutions of generalized mean curvature flow equtions},
  journal =      {Diff. Geom.},
  year =         1991,
  volume =    33,
  pages =     {749-786}}

@Article{chen91,
  author =       {V. {Le Chenadec} and H. Pitsch},
  title =        {A 3{D} unsplit forward/backward volume-of-fluid approach 
                  and coupling to the level set method},
  journal =      {J. Comput. Phys.},
  year =         2013,
  volume =    233,
  pages =     {10-33}}

@Article{comminal15:_cellw,
  author =       {R. Comminal and J. Spangenberg and J. H. Hattel},
  title =        {Cellwise conservative unsplit advection for the volume of fluid method},
  journal =      {J. Comput. Phys.},
  year =         2015,
  volume =    283,
  pages =     {582-608}}
  
@Article{coquerelle16,
  author =       {M. Coquerelle and S. Glockner},
  title =        {A fourth-order accurate curvature computation in a level set framework for two-phase flows subjected to surface tension forces},
  journal =      {J. Comput. Phys.},
  year =         2016,
  volume =    305,
  pages =     {838-876}}

@Article{crandall96,
  author =       {M. G. Crandall and P. L. Lions},
  title =        {Convergent difference schemes for nonlinear parabolic equations and mean curvature motion},
  journal =      {Numerische Mathematik.},
  year =         1996,
  volume =    75,
  number=      1,
  pages =     {17-41}}



@Article{cummins05,
  author =       {S. J. Cummins and M. M. Francois and D. B. Kothle},
  title =        {Estimating curvature from volumefractions},
  journal =      {J. Comput. Strut.},
  year =         2005,
  volume =    83,
  pages =     {425-434}}

@Article{decknlnick00,
  author =       {K. Decknlnick},
  title =        {Error bounds for a difference scheme approximating viscosity solutions of mean curvature flow },
  journal =      {Interfaces and Free Boundaries},
  year =         2000,
  volume =   2,
  number=    3,
  pages =     {117-142}}

@Article{denner14:comparative,
  author =       {F. Denner and D. R. Heul and G. T. Oud anf M. M. Villar and A. D. S. Neto and B. G. M. van Wachem},
  title =        {Comparative study of mass-conserving interface capturing framewokrs for two-phase flows with surface tension },
  journal =      {International Journal of Multiphase Flow},
  year =         2014,
  volume =    61,
  pages =     {37-47}}

@Article{denner14:fully_copuled,
  author =       {F. Denner and B. G. M. van Wachem },
  title =        {Fully-coupled balanced-force VOF framework for arbitrary meshes with least-squares curvature evaluation from volume fractions},
  journal =      {Numerical Heat Transfer},
  year =         2014,
  volume =    65,
  pages =     {218-255}}

@Article{diwakar09:_quadr_splin_based_inter_quasi,
  author =       {S. V. Diwakar and Sarit K. Das and T. Sundararajan},
  title =        {A Quadratic Spline based Interface ({QUASI}) reconstruction algorithm
                  for accurate tracking of two-phase flows},
  journal =      {J. Comput. Phys.},
  year =         2009,
  volume =    228,
  pages =     {9107-9130}}

@Article{dormand81:_high_runge_kutta,
  author =       {J. R. Dormand and P. J. Prince},
  title =        {High order embedded {R}unge-{K}utta formulae},
  journal =      {J. Comput. Appl. Math.},
  year =         1981,
  volume =    7,
  number =    1,
  pages =     {67-75},
  annote =    {6th and 8th-order embedded RK}}

@Article{dobkin88:_decom,
  author =       {D. P. Dobkin and D. L. Souvaine
 and C. J. {Van Wyk}},
  title =        {Decomposition and intersection of simple splinegons},
  journal =      {Algorithmica},
  year =         1988,
  volume =    3,
  pages =     {473-485}}

@TechReport{dyadechko05:_momen,
  author =       {V. Dyadechko and M. Shashkov},
  title =        {Moment-of-fluid interface reconstruction},
  institution =  {Los Alamos National Laboratory},
  year =         2005,
  number =    {LA-UR-05-7571},
  note =      {\url{http://cnls.lanl.gov/~shashkov/}}}

@article{dyadechko08:_recon,
  author = {V. Dyadechko and M. Shashkov},
  title = {Reconstruction of multi-material interfaces from moment data},
  journal = {J. Comput. Phys.},
  year = 2008,
  volume = 227,
  number = 11,
  pages = {5361-5384}
}

@Article{eigenwillig06:_exact,
  author =       {A. Eigenwillig and L. Kettner and E. Schomer and N. Wolpert},
  title =        {Exact, efficient, and complete arrangement computation for cubic curves},
  journal =      {Computational Geometry},
  year =         2006,
  volume =    35,
  pages =     {36-73},
  note =      {Special Issue on the 20th ACM Symposium on Computational Geometry}}

@Article{enright02:_hybrid_partic_level_set_method,
  author	= {D. Enright and R. Fedkiw
                   and J. Ferziger and I. Mitchell},
  title		= {A Hybrid Particle Level Set Method
                   for Improved Interface Capturing},
  journal	= {J. Comput. Phys.},
  year		= 2002,
  volume	= 183,
  pages		= {83-116}
}

@Article{evans91,
  author =       {L. C. Evans ans J. Spruck},
  title =        {Motion of level sets by mean curvature},
  journal =      {Diff. Geom.},
  year =         1991,
  volume =    33,
  pages =     {635-681}}

@Article{falcone98,
  author =       {M. Falcone and R. Ferretti},
  title =        {Convergence analysis for a class of high-order semi-Lagrangian advection schemes},
  journal =      {SIAM. Numer. Anal.},
  year =         1998,
  volume =    35,
  number=     3,
  pages =     {909-940}}

@Book{falcone01,
  author =    {M. Falcone and C. Makridakis},
  title =        {Numerical Methods for Viscosity Solutions and Applications, volume 59 of Advances in Mathematics for Applied Sciences},
  publisher =    {World Scientific},
  year =         2001,
  note =      {ISBN:978-981-02-4717-1}}


@Book{falcone14,
  author =    {M. Falcone and C. Makridakis},
  title =        {Semi-Lagrangian Approximation Schemes for Linear and Hamilton-Jacobi Equations},
  publisher =    {SIAM},
  year =         2014,
  note =      {ISBN:978-1611973044}}

@Article{francois06:balanced_force,
  author =       {M. M. Francois and S. J. Cummins and E. D. Dendy and D. B. Kothe and J.M. Sicilian and M. W. Williams },
  title =        {A balanced-force algorithm for continuous and sharp interfacial surface tension models within a volume tracking framework},
  journal =      {Comput. Phys.},
  year =         2006,
  volume =    213,
  pages =     {141-173}}

@Article{giga92,
  author =       {Y. Giga and S. Goto},
  title =        {Motion of hypersurfaces and geometric equtions},
  journal =      {Math. Soc.Japan},
  year =         1992,
  volume =    44,
  pages =     {99-111}}

@Book{giga06,
  author =    {Y. Giga},
  title =        {Surface Evolution Equations: A Level Set Approach, volume 99 of Monographs in Mathematics},
  publisher =    {Birkhauser Basel},
  year =         2006,
  note =      {ISBN:078-3-7643-7391-7}}


@Article{ginzburg01:_two_vof,
  author =       {I. Ginzburg and G. Wittum},
  title =        {Two-phase flows on interface refined grids modeled with
                  {VOF}, staggered finite volumes, and spline interpolants},
  journal =      {J. Comput. Phys.},
  year =         2001,
  volume =    166,
  pages =     {302-335}}

@Book{givant09:_introd_boolean_algeb,
  author =    {S. Givant and P. Halmos},
  title =        {Introduction to {B}oolean Algebras},
  publisher =    {Springer},
  year =         2009,
  note =      {ISBN:978-0-387-40293-2}}

@Article{harvie00:_new_volum_fluid_advec_algor,
  author	= {D. J. E. Harvie and D. F. Fletcher},
  title		= {A New Volume of Fluid Advection Algorithm: The Stream
		  Scheme},
  journal =      {J. Comput. Phys.},
  year		= 2000,
  volume	= 162,
  pages		= {1-32}
}



@TechReport{helmsen97,
  author =       {J. Helmsen and P. Colella and E. G. Puckett},
  title =        {Non-convex profile evolution in two dimensions using volume of fluids},
  institution =  {Lawrence Berkelay National Laboratory},
  year =         1977,
  type =      {Technical Report LBNL-40693}}

@Article{herrmann08,
  author =       {M. Herrmann},
  title =        {A balanced force refined level set grid method for two-phase flows on unstructured flow solver grids},
  journal =      {J. Comput. Phys.},
  year =         2008,
  volume =    227,
  pages =     {2674-2706}}


@Book{higham02:_accur_stabil_numer_algor,
  author =    {N. J. Higham},
  title =        {Accuracy and Stability of Numerical Algorithms},
  publisher =    {SIAM},
  year =         2002,
  edition =   {2nd},
  note =      {ISBN: 0-89871-521-0}}

@Article{	  Hirt.Nichols_1981_volume,
  author	= {C. W. Hirt and B. D. Nichols},
  title		= {Volume of Fluid ({VOF}) method for the dynamics of free
		  boundaries},
  journal	= {J. Comput. Phys.},
  year		= 1981,
  volume	= 39,
  pages		= {201-225},
  annote	= {SOLA-VOF}
}

@Article{huntington04:_sets_indep_postul_algeb_logic,
  author =       {E. V. Huntington},
  title =        {Sets of Independent Postulates for the Algebra of Logic},
  journal =      {Transactions of the American Mathematical Society},
  year =         1904,
  volume =    5,
  number =    3,
  pages =     {288-309}}

@Article{jibben17:_runge_kutta_galer,
  author =       {Z. Jibben and M. Herrmann},
  title =        {An arbitrary order {Runge}--{Kutta} discontinuous {Galerkin} approach to reinitialization for banded conservative level sets},
  journal =      {J. Comput. Phys.},
  year =         2017,
  volume =    349,
  pages =     {453-473}}

@Article{kettner08:_class_examp_of_robus_probl,
  author =       {L. Kettner and K. Mehlhorn and S. Pion and S. Schirra and C. Yap},
  title =        {Classroom examples of robustness problems in geometric computations},
  journal =      {Comput. Geom.},
  year =         2008,
  volume =    40,
  pages =     {61-78}}
%  note =      {doi:10.1016/j.comgeo.2007.06.003}}
%}

@Book{kuratowski76:_set_theor_introd_descr_set_theor,
  author =    {K. Kuratowski and A. Mostowski},
  title =        {Set Theory, with an Introduction to Descriptive Set Theory},
  publisher =    {North-Holland Publishing Co.},
  year =         1976,
  volume =    86,
  series =    {Studies in Logic and the Foundations of Mathematics},
  address =   {Amsterdam},
  note =      {ISBN: 978-0720404708}}


@Article{lafaurie94:modeling,
  author =       { B Lafaurie and C Nardone and R Scardovelli and S Zaleski and Zanetti G},
  title =        {Modeling merging and fragmentation in multiphase flows with SURFER.},
  journal =      {Comput. Phys.},
  year =         1994,
  volume =    113,
  pages =     {134-147}}


@Article{leveque96,
  author =       { R. LeVeque},
  title =        {High-Resolution Conservative Algorithms For Advection In Incompressible Flow},
  journal =      {Comput. Phys.},
  year =         1994,
  volume =    113,
  pages =     {134-147}}

@Article{li03:_fixed_part_i,
  author =       {C.-Y. Li and S. V. Garimella and J. E. Simpson},
  title =        {Fixed-grid front--tracking algorithm for solidification prblems, Part {I}: method and validation},
  journal =      {Numerical Heat Transfer, Part B: Fundamentals},
  year =         2003,
  volume =    43,
  number =    2,
  pages =     {117-141}}

@Article{lopez04:_volum_fluid_method_based_multid,
  author	= {J. L\'opez and J. Hern\'andez and P. G\'omez and F. Faura},
  title		= {A Volume of Fluid Method Based on Multidimensional
		  Advection and Spline Interface Reconstruction},
  journal	= {J. Comput. Phys.},
  year		= 2004,
  volume	= 195,
  pages		= {718-742}
}

@Article{lopez05:_improv_plic_vof_method_track,
  author	= {J. L\'opez and J. Hern\'andez and P. G\'omez and F. Faura},
  title		= {An Improved {PLIC}-{VOF} Method for Tracking Thin Fluid
		  Structures in Incompressible Two-phase Flows},
  journal	= {J. Comput. Phys.},
  year		= 2005,
  volume	= 208,
  pages		= {51-74}
}

@Article{macneille37:_partial,
  author =       {H. MacNeille},
  title =        {Partially ordered sets},
  journal =      {Trans. Amer. Math. Soc.},
  year =         1937,
  volume =    42,
  pages =     {416-460}}

@Book{milnor97:_topol_differ_viewp,
  author =    {J. W. Milnor},
  title =        {Topology from the Differentiable Viewpoint},
  publisher =    {Princeton University Press},
  year =         1997,
  series =    {Princeton Landmarks in Mathematics and Physics},
  note =      {ISBN-13: 978-0691048338}}

@Article{moerken09:_comput,
  author =       {K. M$\o$rken and M. Reimers and C. Schulz},
  title =        {Computing intersections of planar spline curves
                   using knot insertion},
  journal =      {Computer Aided Geometric Design},
  year =         2009,
  volume =    26,
  pages =     {351-366}}

@Article{osher88:_front_propag_curvat_speed,
  author	= {S. Osher and J. A. Sethian},
  title		= {Fronts Propagating with Curvature-dependent Speed:
		  Algorithms based on {H}amilton-{J}Acobi Formulations},
  year		= 1988,
  journal       = {J. Comput. Phys.},
  volume	= 79,
  pages		= {12-49},
  brief		= {the invention of Level Set methods}
}

@TechReport{requicha77:_mathem_model_rigid_solid_objec,
  author =       {A. A. G. Requicha},
  title =        {Mathematical Models of Rigid Solid Objects},
  institution =  {The University of Rochester},
  year =         1977,
  type =      {Technical Memorandum},
  number =    28,
  address =   {Rochester NY},
  month =     {November}}

@Article{rider98:_recon_volum_track,
  author	= {W. J. Rider and D. B. Kothe},
  title		= {Reconstructing Volume Tracking},
  journal	= {J. Comput. Phys.},
  year		= 1998,
  volume	= 141,
  pages		= {112-152},
  annote	= {First geometric algorithm using polygon}
}

@Article{rudman97:_volum_track_method_inter_flow_calcul,
  author	= {M. Rudman},
  title		= {Volume-Tracking Methods for Interfacial Flow
		  Calculations},
  journal	= {Inter. J. Numer. Meth. Fluids},
  year		= 1997,
  volume	= 24,
  pages		= {671-691},
  annote	= {split FCT-VOF, Rudman's Vortex: shear test}
}

@Article{sagan92:_elemen_proof_schoen_space_fillin,
  author =       {H. Sagan},
  title =        {An Elementary Proof that {S}choenberg's Space-Filling Curve Is Nowhere Differentiable},
  journal =      {Mathematics Magazine},
  year =         1992,
  volume =    65,
  number =    2,
  pages =     {125-128}}

@Article{sard42,
  author =       {A. Sard},
  title =        {The measure of the critical values of differentiable maps},
  journal =      {Bull. Amer. Math. Soc.},
  year =         1942,
  volume =    48,
  number =    12,
  pages =     {883-890}}

@Article{scardovelli03,
  author	= {R. Scardovelli and S. Zaleski},
  title		= {Interface Reconstruction with Least-square Fit and split
		  {E}ulerian-{L}agrangian Advection},
  journal	= {Inter. J. Numer. Meth. Fluids},
  year		= 2003,
  volume	= 41,
  pages		= {251-274},
  annote	= {VOF advection with split operator}
}

@Article{seidenberg54,
  author =       {A. Seidenberg},
  title =        {A new decision method for elementry algebra},
  journal =      {Annals of Mathematics},
  year =         1954,
  volume =    60,
  number =    2,
  pages =     {365-374}}



@Book{sethian97,
  author =    {J. A. Sethian },
  title =        {Level Set Methods and Fast Marching Methods, volume 3of Cambridge Monograph on Applied and Computatinal Mathematics},
  publisher =    {Cambridge University Press},
  year =         1999,
  note =      {ISBN-13: 978-0521645577}}



@Article{sussman99,
  author =       {M. Sussman and A. S. Almgren and J. B. Bell and P. Colella and L. H. Howell and M. L. Welcome},
  title =        {An adaptive level set approach
                  for incompressible two-phase flows},
  journal =      {J. Comput. Phys.},
  year =         1999,
  volume =    148,
  pages =     {81-124}}

@Article{sussman00:_coupl_level_set_volum_fluid,
  author	= {M. Sussman and E. Puckett},
  title		= {A Coupled Level Set and Volume-of-Fluid Method
                   for Computing {3D} and
                   Axisymmetric Incompressible Two-phase Flows},
  journal	= {J. Comput. Phys.},
  year		= 2000,
  volume	= 162,
  pages		= {301-337},
  annote        = {CLSVOF}
}

@Article{sussman03,
  author =       {M. Sussman},
  title =        {A second order coupled level set
                  and volume-of-fluid method
                  for computing growth and collapse of vapor bubbles},
  journal =      {J. Comput. Phys.},
  year =         2003,
  volume =    187,
  pages =     {110-136},
  annote =    {the height function for computing curvature}
}

@Article{sussman03SpectralLevelSet,
  author =       {M. Sussman and M. Y. Hussaini},
  title =        {A discontinuous spectral element method for the level set equation},
  journal =      {J. Sci. Comput.},
  year =         2003,
  volume =    19,
  number =    {1-3},
  pages =     {479-500}}

@Article{tarski37:_ueber_mengen_mengen,
  author =       {A. Tarski},
  title =        {\"Uber additive and multiplikative {M}engenk\"orper
                  und {M}engenfunktionen},
  journal =      {Sprawozdania z Posiedze\'n Towarzystwa
                  Naukowego Warszawskiego, Wydzial III
                  Nauk Matematyczno-fizycznych},
  year =         1937,
  volume =    30,
  pages =     {151-181}}

@Book{tarski48,
  author =    {A. Tarski},
  title =        {A decision method for elementary algebra and geometry},
  publisher =    {The Rand Corporation},
  year =         1948,
  series =    {U.S. Air Force Project Rand, R-109. Prepared for publication by J. C. C. McKinsey},
  address =   {Santa Monica, California},
  edition =   {2nd ed.}}
%  note =      {\url{http://www.rand.org/content/dam/rand/pubs/reports/2008/R109.pdf}}}

@Article{tryggvason01:_front_track_method_comput_multip_flow,
  author	= {G. Tryggvason and B. Bunner and D. Juric and W. Tauber and
		  S. Nas and J. Han and N. Al-Rawahi. and Y.-J. Jan},
  title		= {A Front--Tracking Method for the Computations of Multiphase
		  Flow},
  year		= 2001,
  journal =      {J. Comput. Phys.},
  volume	= 169,
  pages		= {708-759},
  brief		= {a review of front tracking method}
}

@Article{unverdi92:front_tracking,
  author =       { S. O. Unverdi and G. Tryggvason},
  title =        {A front-tracking method for viscous, incompress-iblè, multi-fluid flows},
  journal =      {Comput. Phys.},
  year =         1992,
  volume =    100,
  pages =     {25-37}}

@Article{verner78:_explic_runge_kutta_method_estim,
  author =       {J. H. Verner},
  title =        {Explicit {R}unge--{K}utta Methods with Estimates of the Local Truncation Error},
  journal =      {SIAM J. Numer. Anal.},
  year =         1978,
  volume =    15,
  number =    4,
  pages =     {772-790},
  annote =      {embedded 6(5) formulae}}


@Article{walkington96,
  author =       {N. J. Walkington},
  title =        {Algorithms for computing motion by mean curvature},
  journal =      {SIAM. Numer Anal.},
  year =         1996,
  volume =    33,
  number=     6,
  pages =     {2215-2238}}

@Article{wang12HLSVC,
  author =       {Y. Wang and S. Simakhina and M. Sussman},
  title =        {A hybrid level set-volume constraint method
                  for incompressible two-phase flow},
  journal =      {J. Comput. Phys.},
  year =         2012,
  volume =    231,
  pages =     {6348-6471}}


@Article{weymouth10:_conser_volum_fluid_cartes,
  author =       {G. D. Weymouth and D. K.-P. Yue},
  title =        {Conservative volume-of-fluid method for free-surface simulations on {Cartesian}-grids},
  journal =      {J. Comput. Phys.},
  year =         2010,
  volume =    229,
  pages =     {2853-2865}}

@Article{zalesak79:_fully_multi_flux_correc_trans,
  author	= {S. T. Zalesak},
  title		= {Fully Multi-dimensional Flux Corrected Transport
		  Algorithms for Fluid Flow},
  journal	= {J. Comput. Phys.},
  year		= 1979,
  volume =	 31,
  pages =	 {335-362},
  annote =	 {unsplit FCT-VOF, Zalesak's disk: rotation Test}}

@Article{zhang08:_new_inter_track_method,
  author =       {Q. Zhang and P. L.-F. Liu},
  title = 	 {A new interface tracking method: The polygonal area mapping method},
  journal = 	 {J. Comput. Phys.},
  volume =       {227},
  number =       8,
  pages =        {4063-4088},
  year = 	 2008}
%  note = 	 {doi:10.1016/j.jcp.2007.12.014}}


@Article{zhang13:_donat_region,
  author =       {Q. Zhang},
  title =        {On Donating Regions:
                  {L}agrangian Flux through a Fixed Curve},
  journal =      {SIAM Review},
  year =         2013,
  volume =    55,
  number = 3,
  pages = {443-461}}
%  note = {doi:10.1137/100796406}}

@Article{zhang13:VOFadvection,
  author =       {Q. Zhang},
  title =        {On a family of unsplit advection algorithms
                  for volume-of-fluid methods},
  journal =      {SIAM J. Numer. Anal.},
  year =         2013,
  volume =    51,
  number =    5,
  pages  = {2822-2850}}
%  note = {doi:10.1137/120897882}}

@Article{zhang13:_highl_accur_lagran_flux_calcul,
  author =       {Q. Zhang},
  title =        {Highly Accurate {L}agrangian Flux Calculation
   via Algebraic Quadratures on Spline-Approximated Donating Regions},
  year =         2013,
  journal =      {Comput. Methods Appl. Mech. Engrg.},
  volume =    {264},
  pages  = {191-204}}
%  note = {\url{http://dx.doi.org/10.1016/j.cma.2013.05.024}}}

@Article{zhang14:iPAM,
  author =       {Q. Zhang and A. Fogelson},
  title =        {Fourth-order interface tracking in two dimensions 
                  via an improved polygonal area mapping method},
  journal =      {SIAM J. Sci. Comput.},
  volume =      {36},
  pages = {A2369-A2400},
  year =         2014}

@Article{zhang15:_gener_donat_region,
  author =       {Q. Zhang},
  title =        {On Generalized Donating Regions:
                  Classifying {L}agrangian Fluxing Particles
                  through a Fixed Curve in the Plane},
  journal =      {J. Math. Anal. Appl.},
  volume = 424,
  number = 2,
  year = 2015,
  pages = {861-877}}

@Article{zhang16:_mars,
  author =       {Q. Zhang and A. Fogelson},
  title =        {{MARS}: An Analytic Framework of Interface Tracking
  via Mapping and Adjusting Regular Semi-algebraic Sets},
  journal =      {SIAM J. Numer. Anal.},
  volume = 54,
  pages = {530-560},
  year =         2016}

@Article{zhang16:_GePUP,
  author =       {Q. Zhang},
  title =        {{GePUP}: Generic Projection and Unconstrained {PPE}
                  for Fourth-order Solutions
                  of the Incompressible {Navier-Stokes} Equations
                  with No-slip Boundary Conditions},
  journal =      {J. Sci. Comput.},
  volume = {67},
  pages = {1134-1180},
  year =         2016}

@Article{zhang17:_hfes,
  author =       {Q. Zhang},
  title =        {{HFES}: a height function method with explicit input
                  and signed output for high-order estimations
                  of curvature and unit vectors of planar curves},
  journal =      {SIAM J. Numer. Anal.},
  volume = 55,
  number = 2,
  pages = {1024-1056},
  year =         2017}


@Article{zhang18:cubicMARS,
  author =       {Q. Zhang},
  title =        {Fourth- and higher-order interface tracking via mapping and adjusting regular semi-analytic sets represented by cubic splines},
  journal =      {SIAM J. Sci. Comput.},
  volume = 40,
  pages = {A3755-A3788},
  year =         2018}


@Article{zhang19:_boolean_algebra,
  author =       {Q. Zhang and Z Li},
  title =        {Boolean algebra for regular open sets of arbitrarily complex topology in two dimensions.},
  journal =      {Mathematic of Computation},
  year =         2019}




